@inproceedings{lime,
author = {Ribeiro, Marco Tulio and Singh, Sameer and Guestrin, Carlos},
booktitle = {Proceedings of the ACM SIGKDD International Conference on Knowledge Discovery and Data Mining},
pages = {1135--1144},
title = {{"Why should i trust you?" Explaining the predictions of any classifier}},
volume = {13-17-Augu},
year = {2016}
}
@inproceedings{Mahendran2015,
author = {Mahendran, Aravindh and Vedaldi, Andrea},
booktitle = {CVPR},
month = {jun},
title = {{Understanding deep image representations by inverting them}},
year = {2015}
}
@article{lrp,
author = {Bach, Sebastian and Binder, Alexander and Montavon, Gr{\'{e}}goire and Klauschen, Frederick and M{\"{u}}ller, Klaus Robert and Samek, Wojciech},
journal = {PLoS ONE},
title = {{On pixel-wise explanations for non-linear classifier decisions by layer-wise relevance propagation}},
year = {2015}
}
@article{Montavon2018,
author = {Montavon, Gr{\'{e}}goire and Samek, Wojciech and M{\"{u}}ller, Klaus Robert},
journal = {Digital Signal Processing: A Review Journal},
title = {{Methods for interpreting and understanding deep neural networks}},
year = {2018}
}
@inproceedings{gbp,
author = {Springenberg, Jost Tobias and Dosovitskiy, Alexey and Brox, Thomas and Riedmiller, Martin},
booktitle = {ICLR},
title = {{Striving for simplicity: The all convolutional net}},
year = {2015}
}
@article{deeptaylor,
author = {Montavon, Gr{\'{e}}goire and Lapuschkin, Sebastian and Binder, Alexander and Samek, Wojciech and M{\"{u}}ller, Klaus Robert},
journal = {Pattern Recognition},
title = {{Explaining nonlinear classification decisions with deep Taylor decomposition}},
year = {2017}
}
@inproceedings{Selvaraju2017,
author = {Selvaraju, Ramprasaath R. and Cogswell, Michael and Das, Abhishek and Vedantam, Ramakrishna and Parikh, Devi and Batra, Dhruv},
booktitle = {ICCV},
title = {{Grad-CAM: Visual Explanations from Deep Networks via Gradient-Based Localization}},
year = {2017}
}
@inproceedings{patternnet,
author = {Kindermans, Pieter Jan and Sch{\"{u}}tt, Kristof T. and Alber, Maximilian and M{\"{u}}ller, Klaus Robert and Erhan, Dumitru and Kim, Been and D{\"{a}}hne, Sven},
booktitle = {ICLR},
title = {{Learning how to explain neural networks: Patternnet and Patternattribution}},
year = {2018}
}
@article{lecun2015deep,
author = {LeCun, Yann and Bengio, Yoshua and Hinton, Geoffrey},
journal = {Nature},
number = {7553},
publisher = {Nature Publishing Group},
title = {{Deep learning}},
volume = {521},
year = {2015}
}
@inproceedings{glow,
annote = {I should contact the guys from vertigo.ai when I have read and understood this article.},
author = {Kingma, Diederik P. and Dhariwal, Prafulla},
booktitle = {NeurIPS},
title = {{Glow: Generative Flow with Invertible 1x1 Convolutions}},
year = {2018}
}
@inproceedings{vae,
author = {Bengio, Yoshua and LeCun, Yann},
booktitle = {ICLR},
title = {{Auto-Encoding Variational Bayes}},
year = {2014}
}
@inproceedings{fgan,
author = {Nowozin, Sebastian and Cseke, Botond and Tomioka, Ryota},
booktitle = {NIPS},
title = {{f-GAN: Training generative neural samplers using variational divergence minimization}},
year = {2016}
}
@inproceedings{node,
author = {Chen, Ricky T.Q. and Rubanova, Yulia and Bettencourt, Jesse and Duvenaud, David},
booktitle = {NeurIPS},
title = {{Neural ordinary differential equations}},
year = {2018}
}
@inproceedings{deconvnet,
author = {Noh, Hyeonwoo and Hong, Seunghoon and Han, Bohyung},
booktitle = {ICCV},
title = {{Learning deconvolution network for semantic segmentation}},
year = {2015}
}
@inproceedings{Chang2019,
author = {Chang, Chun Hao and Creager, Elliot and Goldenberg, Anna and Duvenaud, David},
booktitle = {ICLR},
title = {{Explaining image classifiers by counterfactual generation}},
year = {2019}
}
@inproceedings{realnvp,
author = {Dinh, Laurent and Sohl-Dickstein, Jascha and Bengio, Samy},
booktitle = {ICLR},
title = {{Density estimation using real NVP}},
year = {2019}
}
@inproceedings{Chang2017,
author = {Chang, Chun-Hao and Creager, Elliot and Goldenberg, Anna and Duvenaud, David},
booktitle = {NIPS},
title = {{Interpreting Neural Network Classifications with Variational Dropout Saliency Maps}},
year = {2017}
}
@inproceedings{emerging,
author = {Hoogeboom, Emiel and van den Berg, Rianne and Welling, Max},
booktitle = {ICML},
title = {{Emerging Convolutions for Generative Normalizing Flows}},
year = {2019}
}
@article{wang2019,
author = {Wang, Junpeng and Gou, Liang and Zhang, Wei and Yang, Hao and Shen, Han Wei},
journal = {IEEE Transactions on Visualization and Computer Graphics},
title = {{Deepvid: deep visual interpretation and diagnosis for image classifiers via knowledge distillation}},
year = {2019}
}
@article{Goodman2017,
author = {Goodman, Bryce and Flaxman, Seth},
journal = {AI Magazine},
keywords = {Fall 2017},
title = {{European union regulations on algorithmic decision making and a "right to explanation"}},
year = {2017}
}
@inproceedings{Jacobsen2019,
author = {Jacobsen, J{\"{o}}rn Henrik and Behrmann, Jens and Zemel, Richard and Bethge, Matthias},
booktitle = {ICLR},
title = {{Excessive invariance causes adversarial vulnerability}},
year = {2019}
}
@inproceedings{Goodfellow2014,
author = {Goodfellow, Ian J. and Pouget-Abadie, Jean and Mirza, Mehdi and Xu, Bing and Warde-Farley, David and Ozair, Sherjil and Courville, Aaron and Bengio, Yoshua},
booktitle = {NIPS},
title = {{Generative adversarial nets}},
year = {2014}
}
@inproceedings{resnet,
author = {He, Kaiming and Zhang, Xiangyu and Ren, Shaoqing and Sun, Jian},
booktitle = {CVPR},
title = {{Deep residual learning for image recognition}},
year = {2016}
}
@inproceedings{ffjord,
author = {Grathwohl, Will and Chen, Ricky T.Q. and Bettencourt, Jesse and Sutskever, Ilya and Duvenaud, David},
booktitle = {ICLR},
title = {{Ffjord: Free-form continuous dynamics for scalable reversible generative models}},
year = {2019}
}
@inproceedings{shap,
author = {Lundberg, Scott M. and Lee, Su In},
booktitle = {NIPS},
title = {{A unified approach to interpreting model predictions}},
year = {2017}
}
@inproceedings{deeplift,
author = {Shrikumar, Avanti and Greenside, Peyton and Kundaje, Anshul},
booktitle = {ICML},
title = {{Learning important features through propagating activation differences}},
year = {2017}
}
@inproceedings{intgrad,
author = {Sundararajan, Mukund and Taly, Ankur and Yan, Qiqi},
booktitle = {ICML},
keywords = {integrated gradients},
mendeley-tags = {integrated gradients},
title = {{Axiomatic attribution for deep networks}},
year = {2017}
}
@inproceedings{Zintgraf2017,
author = {Zintgraf, Luisa M. and Cohen, Taco S. and Adel, Tameem and Welling, Max},
booktitle = {ICLR},
title = {{Visualizing deep neural network decisions: Prediction difference analysis}},
year = {2017}
}

% Before 2018 we use NIPs and after 2018 we use NeurIPS. 
@article{parallelqr,
  title={Implementing QR factorization updating algorithms on GPUs},
  author={Andrew, Robert and Dingle, Nicholas},
  journal={Parallel Computing},
  volume={40},
  number={7},
  pages={161--172},
  year={2014},
  publisher={Elsevier}
}

@inproceedings{revnet,
  title={The {R}eversible {R}esidual {N}etwork: {B}ackpropagation {W}ithout {S}toring {A}ctivations},
  author={Gomez, Aidan N and Ren, Mengye and Urtasun, Raquel and Grosse, Roger B},
  booktitle={NIPS},
  year={2017}
}

@article{qrhh,
  title={Constructive {W}ays for {G}enerating ({G}eneralized) {R}eal {O}rthogonal {M}atrices as {P}roducts of ({G}eneralized) {S}ymmetries},
  author={Uhlig, Frank},
  journal={Linear Algebra and its Applications},
  year={2001}
}

@inproceedings{pytorch,
title = {PyTorch: An {I}mperative {S}tyle, {H}igh-{P}erformance {D}eep {L}earning {L}ibrary},
author = {Paszke, Adam and Gross, Sam and Massa, Francisco and Lerer, Adam and Bradbury, James and Chanan, Gregory and Killeen, Trevor and Lin, Zeming and Gimelshein, Natalia and Antiga, Luca and Desmaison, Alban and Kopf, Andreas and Yang, Edward and DeVito, Zachary and Raison, Martin and Tejani, Alykhan and Chilamkurthy, Sasank and Steiner, Benoit and Fang, Lu and Bai, Junjie and Chintala, Soumith},
booktitle = {NeurIPS},
year = {2019}
}

@inproceedings{cayley1,
  title={Improving {N}ormalizing {F}lows via {B}etter {O}rthogonal {P}arameterizations},
  author={Golinski, Adam and Lezcano-Casado, Mario and Rainforth, Tom},
  booktitle={ICML Workshop on Invertible Neural Networks and Normalizing Flows},
  year={2019}
}

@inproceedings{
cayley2,
title={Efficient {R}iemannian {O}ptimization on the {S}tiefel {M}anifold via the {C}ayley {T}ransform},
author={Jun Li and Fuxin Li and Sinisa Todorovic},
booktitle={ICLR},
year={2020}
}


@inproceedings{orthhh,
  title={Efficient {O}rthogonal {P}arametrisation of {R}ecurrent {N}eural {N}etworks {U}sing {H}ouseholder {R}eflections},
  author={Mhammedi, Zakaria and Hellicar, Andrew and Rahman, Ashfaqur and Bailey, James},
  booktitle={ICML},
  year={2017}
}

@inproceedings{sylvesternf,
  title={Sylvester {N}ormalizing {F}lows for {V}ariational {I}nference
  }, 
  author={van den Berg, Rianne and Hasenclever, Leonard and Tomczak, Jakub and Welling, Max},
  booktitle={Conference on Uncertainty in Artificial Intelligence},
  year={2018}
}

@article{wydec,
  title={The {WY} {R}epresentation for {P}roducts of {H}ouseholder {M}atrices},
  author={Bischof, Christian and Van Loan, Charles},
  journal={SIAM Journal on Scientific and Statistical Computing},
  year={1987},
  publisher={SIAM}
}

@inproceedings{svdnn,
  title={Stabilizing {G}radients for {D}eep {N}eural {N}etworks via {E}fficient {SVD} {P}arameterization},
  author={Zhang, Jiong and Lei, Qi and Dhillon, Inderjit},
  booktitle={ICML},
  year={2018}
}


@inproceedings{gans,
  title={Generative {A}dversarial {N}ets},
  author={Goodfellow, Ian and Pouget-Abadie, Jean and Mirza, Mehdi and Xu, Bing and Warde-Farley, David and Ozair, Sherjil and Courville, Aaron and Bengio, Yoshua},
  booktitle={NIPS},
  year={2014}
}

@inproceedings{nice,
  author    = {Laurent Dinh and
               David Krueger and
               Yoshua Bengio},
  title     = {{NICE:} {N}on-{L}inear {I}ndependent {C}omponents {E}stimation},
  booktitle = {{ICLR} (Workshop)},
  year      = {2015}
}

@inproceedings{sngan,
title={Spectral {N}ormalization for {G}enerative {A}dversarial {N}etworks},
author={Takeru Miyato and Toshiki Kataoka and Masanori Koyama and Yuichi Yoshida},
booktitle={ICLR},
year={2018}
}

@misc{keras,
  title={Keras},
  author={Chollet, Fran\c{c}ois and others},
  year={2015},
  howpublished={\url{https://keras.io}},
}


@inproceedings{compresswithsvd,
  title={Restructuring of {D}eep {N}eural {N}etwork {A}coustic {M}odels with {S}ingular {V}alue {D}ecomposition.},
  author={Xue, Jian and Li, Jinyu and Gong, Yifan},
  year={2013},
  booktitle={Conference of the International Speech Communication Association}
}

@inproceedings{matrixexp1,
  title = 	 {Cheap {O}rthogonal {C}onstraints in {N}eural {N}etworks: A {S}imple {P}arametrization of the {O}rthogonal and {U}nitary {G}roup},
  author = 	 {Lezcano-Casado, Mario and Mart\'{\i}nez-Rubio, David},
  booktitle = 	 {ICML},
  year = 	 {2019}
}

@inproceedings{matrixexp2,
  title={Trivializations for {G}radient-{B}ased {O}ptimization on {M}anifolds},
  author={Casado, Mario Lezcano},
  booktitle={NeurIPS},
  year={2019}
}
@inproceedings{iresnet,
author = {Behrmann, Jens and Grathwohl, Will and Chen, Ricky T.Q. and Duvenaud, David and Jacobsen, J{\"{o}}rn Henrik},
booktitle = {ICML},
file = {:home/fhv/Documents/Mendeley Desktop/1811.00995.pdf:pdf},
title = {{Invertible residual networks}},
year = {2019}
}
@article{Samek2017,
author = {Samek, Wojciech and Binder, Alexander and Montavon, Gr{\'{e}}goire and Lapuschkin, Sebastian and M{\"{u}}ller, Klaus Robert},
journal = {IEEE Transactions on Neural Networks and Learning Systems},
title = {{Evaluating the visualization of what a deep neural network has learned}},
year = {2017}
}
@inproceedings{sanitychecks,
author = {Adebayo, Julius and Gilmer, Justin and Muelly, Michael and Goodfellow, Ian and Hardt, Moritz and Kim, Been},
booktitle = {NeurIPS},
title = {{Sanity checks for saliency maps}},
year = {2018}
}
@inproceedings{circularrnn,
  title={Holographic recurrent networks},
  author={Plate, Tony A},
  booktitle={NIPS},
  year={1993}
}
@article{fcnn2,
author = {Abtahi, Tahmid and Shea, Colin and Kulkarni, Amey and Mohsenin, Tinoosh},
year = {2018},
title = {Accelerating Convolutional Neural Network With FFT on Embedded Hardware},
journal = {VLSI},
}
@book{dsp,
  title={Digital signal processing: a practical guide for engineers and scientists},
  author={Smith, Steven},
  year={2013},
  publisher={Elsevier}
}
@book{structuredmatricesbook,
  title={Templates for the solution of algebraic eigenvalue problems: a practical guide},
  author={Bai, Zhaojun and Demmel, James and Dongarra, Jack and Ruhe, Axel and van der Vorst, Henk},
  year={2000},
  publisher={SIAM}
}

@article{pse,
author = {Aytekin, Caglar and Iosifidis, Alexandros and Gabbouj, Moncef},
journal = {Pattern Recognition},
pages = {359--372},
publisher = {Elsevier Ltd},
title = {{Probabilistic saliency estimation}},
volume = {74},
year = {2018}
}
@inproceedings{vgg16,
author = {Simonyan, Karen and Zisserman, Andrew},
booktitle = {ICLR},
title = {{Very deep convolutional networks for large-scale image recognition}},
year = {2015}
}
@article{attentionDistill,
  author = {Olah, Chris and Carter, Shan},
  title = {Attention and Augmented Recurrent Neural Networks},
  journal = {Distill},
  year = {2016},
  url = {http://distill.pub/2016/augmented-rnns},
  doi = {10.23915/distill.00001}
}
@inproceedings{attentionisall,
title = {Attention is All you Need},
author = {Vaswani, Ashish and Shazeer, Noam and Parmar, Niki and Uszkoreit, Jakob and Jones, Llion and Gomez, Aidan N and Kaiser, \L ukasz and Polosukhin, Illia},
booktitle = {NIPS},
year = {2017},
}
@inproceedings{attentionrnn,
  author    = {Bahdanau, Dzmitry and Cho, Kyunghyun and Bengio, Yoshua},
  title     = {Neural Machine Translation by Jointly Learning to Align and Translate},
  booktitle = {ICLR},
  year      = {2015},
}
@inproceedings{Bahdanau2015,
author = {Bahdanau, Dzmitry and Cho, Kyung Hyun and Bengio, Yoshua},
booktitle = {ICLR},
title = {{Neural machine translation by jointly learning to align and translate}},
year = {2015}
}
@inproceedings{Nie2018,
author = {Nie, Weili and Zhang, Yang and Patel, Ankit B.},
booktitle = {ICML},
title = {{A theoretical explanation for perplexing behaviors of backpropagation-based visualizations}},
year = {2018}
}
@incollection{Kindermans2017,
author = {Kindermans, Pieter-Jan and Hooker, Sara and Adebayo, Julius and Alber, Maximilian and Sch{\"{u}}tt, Kristof T and D{\"{a}}hne, Sven and Erhan, Dumitru and Kim, Been},
booktitle = {Explainable AI: Interpreting, Explaining and Visualizing Deep Learnin},
pages = {267--280},
publisher = {Springer International Publishing},
title = {{The (Un)reliability of saliency methods}},
year = {2019}
}

@inproceedings{goyal19a,
author = {Goyal, Yash and Wu, Ziyan and Ernst, Jan and Batra, Dhruv and Parikh, Devi and Lee, Stefan},
booktitle = {ICML},
title = {{Counterfactual Visual Explanations}},
year = {2019}
}
@article{Wachter2017,
author = {Wachter, Sandra and Mittelstadt, Brent and Russell, Chris},
journal = {Harv. JL {\&} Tech.},
pages = {841},
title = {{Counterfactual explanations without opening the black box: Automated decisions and the GDPR}},
volume = {31},
year = {2017}
}
@article{Russell2019,
author = {Russell, Chris},
journal = {Proceedings of the 2019 Conference on Fairness, Accountability, and Transparency},
title = {{Efficient search for diverse coherent explanations}},
year = {2019}
}

@inproceedings{Chang2019b,
author = {Chang, Chun Hao and Creager, Elliot and Goldenberg, Anna and Duvenaud, David},
booktitle = {ICLR},
title = {{Explaining image classifiers by counterfactual generation}},
year = {2019}
}
@inproceedings{liu2015faceattributes,
 title = {Deep Learning Face Attributes in the Wild},
 author = {Liu, Ziwei and Luo, Ping and Wang, Xiaogang and Tang, Xiaoou},
 booktitle = {ICCV},
 year = {2015} 
}
@article{Achanta2012,
author = {Achanta, Radhakrishna and Shaji, Appu and Smith, Kevin and Lucchi, Aurelien and Fua, Pascal and S{\"{u}}sstrunk, Sabine},
journal = {IEEE Transactions on Pattern Analysis and Machine Intelligence},
number = {11},
pages = {2274--2282},
title = {{SLIC Superpixels Compared to State-of-the-Art Superpixel Methods}},
volume = {34},
year = {2012}
}
% Arxivs
@article{orthogonal,
  title={Cheap Orthogonal Constraints in Neural Networks: A Simple Parametrization of the Orthogonal and Unitary Group},
  author={Lezcano-Casado, Mario and Mart{\'\i}nez-Rubio, David},
  journal={arXiv preprint arXiv:1901.08428},
  year={2019}
}
@article{generalize_compress,
  title={Stronger generalization bounds for deep nets via a compression approach},
  author={Arora, Sanjeev and Ge, Rong and Neyshabur, Behnam and Zhang, Yi},
  journal={arXiv preprint arXiv:1802.05296},
  year={2018}
}
@article{elephant,
author = {Rosenfeld, Amir and Zemel, Richard and Tsotsos, John},
Title = {The Elephant in the Room},
Year = {2018},
journal={arXiv preprint arXiv:1808.03305},
}
@article{Arrieta2019,
author = {Arrieta, Alejandro Barredo and D{\'{i}}az-Rodr{\'{i}}guez, Natalia and {Del Ser}, Javier and Bennetot, Adrien and Tabik, Siham and Barbado, Alberto and Garc{\'{i}}a, Salvador and Gil-L{\'{o}}pez, Sergio and Molina, Daniel and Benjamins, Richard and Chatila, Raja and Herrera, Francisco},
title = {{Explainable Artificial Intelligence (XAI): Concepts, Taxonomies, Opportunities and Challenges toward Responsible AI}},
journal = {arXiv preprint arXiv:1910.10045},
year = {2019}
}
@article{houseVAE,
author = {Tomczak, Jakub M. and Welling, Max},
title = {{Improving Variational Auto-Encoders using Householder Flow}},
journal = {arXiv preprint arXiv:1611.09630},
year = {2016}
}
@article{constantbackprop,
  title={Training deep nets with sublinear memory cost},
  author={Chen, Tianqi and Xu, Bing and Zhang, Chiyuan and Guestrin, Carlos},
  journal={arXiv preprint arXiv:1604.06174},
  year={2016}
}
% Cited as authors suggest from:
% https://github.com/jmtomczak/vae_householder_flow
@article{hhnf,
  title={Improving {V}ariational {A}uto-{E}ncoders using {H}ouseholder {F}low},
  author={Tomczak, Jakub M and Welling, Max},
  journal={arXiv preprint arXiv:1611.09630},
  year={2016}
}
@article{Hendricks2018,
author = {Hendricks, Lisa Anne and Hu, Ronghang and Darrell, Trevor and Akata, Zeynep},
journal = {arXiv preprint arXiv:1806.09809},
title = {{Generating Counterfactual Explanations with Natural Language}},
year = {2018}
}
@article{Grath2018,
journal = {arXiv preprint arXiv:1811.05245},
author = {Grath, Rory Mc and Costabello, Luca and Van, Chan Le and Sweeney, Paul and Kamiab, Farbod and Shen, Zhao and Lecue, Freddy},
title = {{Interpretable Credit Application Predictions With Counterfactual Explanations}},
year = {2018}
}
@article{Sharma2019,
author = {Sharma, Shubham and Henderson, Jette and Ghosh, Joydeep},
journal = {CoRR},
title = {{CERTIFAI: Counterfactual Explanations for Robustness, Transparency, Interpretability, and Fairness of Artificial Intelligence models}},
url = {http://arxiv.org/abs/1905.07857},
year = {2019}
}
@article{Kindermans2016,
author = {Kindermans, Pieter-Jan and Sch{\"{u}}tt, Kristof and M{\"{u}}ller, Klaus-Robert and D{\"{a}}hne, Sven},
title = {{Investigating the influence of noise and distractors on the interpretation of neural networks}},
journal = {arXiv preprint arXiv:1611.07270},
year = {2016}
}
@article{Simonyan2013,
author = {Simonyan, Karen and Vedaldi, Andrea and Zisserman, Andrew},
title = {{Deep Inside Convolutional Networks: Visualising Image Classification Models and Saliency Maps}},
year = {2013},
journal = {arxiv preprint arXiv:1312.6034},
}
@article{smoothgrad,
author = {Smilkov, Daniel and Thorat, Nikhil and Kim, Been and Vi{\'{e}}gas, Fernanda and Wattenberg, Martin},
title = {{SmoothGrad: removing noise by adding noise}},
year = {2017},
journal = {arXiv preprint arXiv:1706.03825},
}
